@misc{example-bib,
  author       = {{bilibili}},
  howpublished = {\url{www.bilibili.com}},
  title        = {{bilibili}},
  year         = {}
}